    @BOOK{WalkingMachines,
    author = "D. J. Todd",
    title = "Walking Machines: an Introduction to Legged Robots",
    publisher = "Springer US",
    year = "1985",
    isbn = "9781468468588",
    }
    
    @INPROCEEDINGS{TwoarmedBipedal,
    author={Inaba, M. and Kanehiro, F. and Kagami, S. and Inoue, H.},
    booktitle={Proceedings 1995 IEEE/RSJ International Conference on Intelligent Robots and Systems. Human Robot Interaction and Cooperative Robots}, 
    title={Two-armed bipedal robot that can walk, roll over and stand up}, 
    year={1995},
    volume={3},
    publisher={IEEE},
    address={Pittsburgh, Penysylvánie},
    doi={10.1109/IROS.1995.525899}
    }

    @webpage{RobotisMini,
    key = "robotis",
    title = "ROBOTIS MINI",
    year = "2021",
    howpublished = "online",
    url = "https://emanual.robotis.com/docs/en/edu/mini/",
    publisher = "ROBOTIS",
    address = "Lake Forest, Kalifornie",
    cited = "2021-26-05"
    }
    
    @article{QuadrupedTitan,
    author = "Satoshi Kitano and Atsushi Horigome and Shigeo Hirose and Gen Endo",
    title = "TITAN-XIII: sprawling-type quadruped robot with ability of fast and energy-efficient walking",
    journal = "Robomech Journal",
    volume = "3",
    number = "8",
    year = "2016",
    publisher = "Springer International Publishing AG",
    address = "Švýcarsko",
    url= "https://robomechjournal.springeropen.com/articles/10.1186/s40648-016-0047-1",
    DOI = "https://doi.org/10.1186/s40648-016-0047-1"
    }
    
    @article{QuadrupedSpot,
    title = {Development of quadruped walking robots: A review},
    journal = {Ain Shams Engineering Journal},
    volume = {12},
    number = {2},
    pages = {2017-2031},
    year = {2021},
    issn = {2090-4479},
    publisher = {Ain Shams University},
    address = {Egypt},
    doi = {https://doi.org/10.1016/j.asej.2020.11.005},
    url = {https://www.sciencedirect.com/science/article/pii/S2090447920302501},
    author = {Priyaranjan Biswal and Prases K. Mohanty},
    }

    @INPROCEEDINGS{QuadrupedWalk,
    author={Liu, Mingmin and Xu, Fang and Jia, Kai and Yang, Qifeng and Tang, Chong},
    booktitle={2016 3rd International Conference on Information Science and Control Engineering (ICISCE)}, 
    title={A Stable Walking Strategy of Quadruped Robot Based on Foot Trajectory Planning}, 
    year={2016},
    publisher={IEEE},
    address={Peking, Čína},
    pages={799-803},
    doi={10.1109/ICISCE.2016.175}
    }
    
    @INPROCEEDINGS{QuadrupedTrot,
    author={Tang, Chong and Xu, Fang and Zou, Fengshan},
    booktitle={2017 IEEE 7th Annual International Conference on CYBER Technology in Automation, Control, and Intelligent Systems (CYBER)}, 
    title={A Stable Trot Strategy of Quadruped Robot Based on Capture Point}, 
    year={2017},
    publisher={IEEE},
    address={Honolulu, Hawaii},
    pages={427-431},
    doi={10.1109/CYBER.2017.8446191}
    }
    
    @article{HexapodSymetric,
    author = {Wang, Zhiying and Ding, X.-L and Rovetta, Alberto},
    year = {2010},
    pages = {893-907},
    title = {Analysis of typical locomotion of a symmetric hexapod robot},
    volume = {28},
    journal = {Robotica},
    publisher={Cambridge University Press},
    address={Velká Británie},
    doi = {10.1017/S0263574709990725}
    }
    
    @article{HexapodDesign,
    title = {Design and implementation of bio inspired hexapod for exploration applications},
    journal = {Materials Today: Proceedings},
    volume = {37},
    pages = {1603-1607},
    year = {2021},
    note = {International Conference on Newer Trends and Innovation in Mechanical Engineering: Materials Science},
    issn = {2214-7853},
    publisher={Elsevier Ltd.},
    address={Velká Británie},
    doi = {https://doi.org/10.1016/j.matpr.2020.07.165},
    url = {https://www.sciencedirect.com/science/article/pii/S2214785320352585},
    author = {T. Deepa and S. Angalaeswari and D. Subbulekshmi and S. Krithiga and S. Sujeeth and Raja Kathiravan},
    }
    
    @INPROCEEDINGS{HexapodKinematics,
    author={Nitulescu, Mircea and Ivanescu, Mircea and Hai Nguyen, Van Dong and Manoiu-Olaru, Sorin},
    booktitle={2016 20th International Conference on System Theory, Control and Computing (ICSTCC)}, 
    title={Designing the legs of a hexapod robot},
    year={2016},
    pages={119-124},
    publisher={IEEE},
    address={Sinaia, Rumunsko},
    doi={10.1109/ICSTCC.2016.7790651}
    }
    
    @webpage{PhantomX,
    key = "hexapod",
    title = "PhantomX AX Metal Hexapod Mark III",
    year = "2021",
    howpublished = "online",
    url = "https://www.trossenrobotics.com/phantomx-ax-hexapod.aspx",
    publisher = "Trossen Robotics",
    address = "Downers Grove, Illinois",
    cited = "2021-07-06"
    }
    
    @INPROCEEDINGS{ArachnidRobot,
    address = {University of Wisconsin, Madison, Wisconsin, USA},
    author = {Parker, Gary B.},
    booktitle = {Genetic Programming 1998: Proceedings of the Third Annual Conference},
    pages = {576--583},
    publisher = {Morgan Kaufmann},
    publisher_address = {San Francisco, CA, USA},
    title = {Generating Arachnid Robot Gaits with Cyclic Genetic Algorithms},
    year = 1998
    }
    
    @webpage{t8x,
    key = "octapod",
    title = "Robugtix",
    year = "2021",
    howpublished = "online",
    url = "https://www.robugtix.com/",
    publisher = "Robugtix",
    address = "Hong Kong, Ćína",
    cited = "2021-08-06"
    }
    
    @article{ServoMagazine,
    title={Analog Servos for Robotics},
    journal={Servo Magazine},
    author={Eric Ostendorff},
    year={2015},
    pages={68–72},
    publisher={T \& L Publications, Inc},
    address={Los Angeles, Kalifornie},
    url={https://www.servomagazine.com/magazine/article/july2015_Ostendorff}
    }
    
    @misc{HobbyServos,
    author  = {Rod Elliott},
    year    = {2018},
    title   = {Hobby Servos},
    publisher= {Elliott Sound Products},
    address = {Sydney, Austrálie},
    url     = {https://sound-au.com/articles/servos.htm},
    howpublished = {online}
    }
    
    @misc{DigitalServo,
    title        = "Understanding Servo Technology",
    howpublished = "online",
    year         = "2019",
    author="Michael Glavin",
    publisher="Scale Soaring UK",
    address = "Velká Británie",
    url = "https://cevans.me/Articles/Articles/digitalservos.pdf"
    }
    
    @misc{ServoRadioControlInfo,
    author = "Ryan",
    title = "The Difference between Analog and Digital RC Servos",
    year = "2020",
    howpublished = "online",
    url = "https://www.radiocontrolinfo.com/the-difference-between-analog-and-digital-rc-servos/",
    publisher = "Radio Control Info",
    cited = "2021-07-05"
    }
    
    @misc{servoAnalogIcTips,
    key = "Servo",
    author = "Janet Heath",
    title = "PWM: Pulse Width Modulation: What is it and how does it work?",
    year = "2017",
    howpublished = "online",
    url = "https://www.analogictips.com/pulse-width-modulation-pwm/",
    publisher = "WTWH Media LLC",
    address = "Cleveland, Ohio",
    cited = "2021-08-05"
    }
    
    @webpage{servoPythonExemplary,
    key = "Servo",
    title = "SERVOMOTORS",
    author = "Jarka Arnold and Aegidius Plüss",
    year = "2021",
    howpublished = "online",
    url = "http://www.python-exemplary.com/drucken.php?inhalt_mitte=raspi/en/servomotors.inc.php",
    publisher = "Python Exemplary",
    address = "Bern, Německo",
    cited = "2021-08-05"
    }
    
    @misc{servoCircuitDigest,
    key = "Servo",
    author = "Apoorve",
    title = "What is a Servo Motor? - Understanding the basics of Servo Motor Working",
    year = "2015",
    howpublished = "online",
    url = "https://circuitdigest.com/article/servo-motor-working-and-basics",
    publisher = "Circuit Digest",
    address = "Jaipur, India",
    cited = "2021-08-05"
    }
    
    @webpage{servoLEDControl,
    key = "Servo",
    title = "LED Control",
    year = "2021",
    howpublished = "online",
    url = "https://docs.espressif.com/projects/esp-idf/en/latest/esp32/api-reference/peripherals/ledc.html",
    publisher = "Espressif Systems",
    address = "Šanghaj, Čína",
    cited = "2021-08-05"
    }
    
    @misc{soc,
    author = "Scharon Harding",
    title = "What Is an SoC? A Basic Definition",
    year = "2019",
    howpublished = "online",
    url = "https://www.tomshardware.com/reviews/glossary-soc-system-on-chip-definition,5890.html",
    publisher = "Tom's Hardware",
    address = "New York",
    cited = "2021-07-06"
    }
    
    @webpage{espNet,
    key = "ESP32",
    title = "ESP32 Series Datasheet",
    year = "2021",
    howpublished = "online",
    url = "https://www.espressif.com/sites/default/files/documentation/esp32_datasheet_en.pdf",
    publisher = "Espressif Systems",
    address = "Šanghaj, Čína",
    cited = "2021-10-06"
    }

    @webpage{espDevkit,
    key = "ESP32",
    title = "DOIT Esp32 DevKit v1",
    year = "2021",
    howpublished = "online",
    url = "https://olddocs.zerynth.com/latest/official/board.zerynth.doit_esp32/docs/index.html",
    publisher = "Zerynth",
    cited = "2021-10-06"
    }
    
    @webpage{arduinoUno,
    key = "Arduino",
    title = "Arduino Uno Rev3",
    year = "2020",
    howpublished = "online",
    url = "https://content.arduino.cc/assets/Pinout-UNOrev3_latest.pdf",
    publisher = "Arduino",
    address = "Mountain View, Kalifornie",
    cited = "2021-10-05"
    }
    
    @misc{rpiOpenSource,
    key = "Rpi",
    title = "What is a Raspberry Pi?",
    year = "2021",
    howpublished = "online",
    url = "https://opensource.com/resources/raspberry-pi",
    publisher = "Red Hat",
    address = "Raleigh, Severní Karolína",
    cited = "2021-08-05"
    }
    
    @webpage{rpiGPIO,
    key = "Rpi",
    title = "GPIO - Raspberry Pi Documentation",
    year = "2021",
    howpublished = "online",
    url = "https://www.raspberrypi.org/documentation/usage/gpio/",
    publisher = "Raspberry Pi Foundantion",
    address = "Velká Británie",
    cited = "2021-08-06"
    }
    
    @webpage{rpiSocialCompare,
    key = "Rpi",
    title = "RaspberryPI models comparison",
    year = "2021",
    howpublished = "online",
    url = "https://socialcompare.com/en/comparison/raspberrypi-models-comparison",
    publisher = "Social Compare",
    address = "Francie",
    cited = "2021-10-06"
    }
    
    @webpage{rpi4b,
    key = "Rpi",
    title = "Raspberry Pi 4 Model B - Specifications",
    year = "2021",
    howpublished = "online",
    url = "https://www.raspberrypi.org/products/raspberry-pi-4-model-b/specifications/",
    publisher = "Raspberry Pi Foundantion",
    address = "Velká Británie",
    cited = "2021-10-06"
    }
    
    @webpage{rpiZero,
    key = "Rpi",
    title = "Raspberry Pi Zero W",
    year = "2021",
    howpublished = "online",
    url = "https://www.raspberrypi.org/products/raspberry-pi-zero-w/",
    publisher = "Raspberry Pi Foundantion",
    address = "Velká Británie",
    cited = "2021-10-06"
    }
    
    @webpage{rpiPico,
    key = "Rpi",
    title = "Raspberry Pi Pico - Specifications",
    year = "2021",
    howpublished = "online",
    url = "https://www.raspberrypi.org/products/raspberry-pi-pico/specifications/",
    publisher = "Raspberry Pi Foundantion",
    address = "Velká Británie",
    cited = "2021-10-06"
    }
    
    @webpage{wifiESP,
    key = "wifi",
    title = "ESP-01 WiFi Module",
    year = "2015",
    howpublished = "online",
    url = "https://www.microchip.ua/wireless/esp01.pdf",
    publisher = "Ai-Thinker",
    address = "Šen-čen, Čína",
    cited = "2021-12-06"
    }

    @misc{bluetooth,
    key = "BT",
    title = "HC-05 - Bluetooth Module",
    year = "2018",
    howpublished = "online",
    url = "https://components101.com/wireless/hc-05-bluetooth-module",
    publisher = "COMPONENTS 101",
    cited = "2021-10-05"
    }
    
    @misc{batNickel,
    key = "battery",
    author = "Isidor Buchmann",
    title = "Nickel-based Batteries",
    year = "2019",
    howpublished = "online",
    url = "https://batteryuniversity.com/article/bu-203-nickel-based-batteries",
    publisher = "Cadex Electronics Inc.",
    address = "Richmond, Kanada",
    cited = "2021-18-05"
    }
    
    @misc{batLipo,
    key = "battery",
    author = "Brian Schneider",
    title = "A Guide to Understanding LiPo Batteries",
    year = "2021",
    howpublished = "online",
    url = "https://rogershobbycenter.com/lipoguide",
    publisher = "Roger's Hobby Center",
    address = "Saginaw, Michigan",
    cited = "2021-18-05"
    }
    
    @misc{batLiIon,
    key = "battery",
    title = "Baterie do RC modelů | jak vybrat vhodnou baterii",
    year = "2021",
    howpublished = "online",
    url = "https://www.rcprofi.cz/poradna/jak-vybrat-baterie-do-rc-modelu",
    publisher = "RCPROFI.cz",
    address = "Česká republika",
    cited = "2021-18-05"
    }
    
    @misc{fusionAll3DP,
    key = "3D",
    author = "Darko Izgarevic",
    title = "What Is Fusion 360? – Simply Explained",
    year = "2019",
    howpublished = "online",
    url = "https://all3dp.com/2/what-is-fusion-360-simply-explained/",
    publisher = "ALL3DP",
    address = "Německo",
    cited = "2021-15-06"
    }
    
    @webpage{fusion,
    key = "3D",
    title = "Fusion 360 | 3D CAD, CAM, CAE \& PCB Cloud-Based Software | Autodesk",
    year = "2021",
    howpublished = "online",
    url = "https://www.autodesk.com/products/fusion-360/",
    publisher = "Autodesk Inc.",
    address = "Mill Valley, Kalifornie",
    cited = "2021-15-06"
    }
    
    @webpage{phoenix,
    key = "design",
    title = "Lynxmotion - Phoenix",
    year = "2021",
    howpublished = "online",
    url = "http://www.lynxmotion.com/c-117-phoenix.aspx",
    publisher = "Robotshop Inc.",
    address = "Swanton, Vermont",
    cited = "2021-18-06"
    }